@misc{walletconnect_explorer_nodate,
	title = {Explorer},
	url = {https://explorer.walletconnect.com/?type=wallet},
	abstract = {WalletConnect is the open source web3 standard to connect blockchain wallets to dapps.},
	language = {en},
	urldate = {2024-01-29},
	journal = {WalletConnect},
	author = {{WalletConnect}},
}

@misc{ariutokintumi_BugReceived_2023,
	title = {Received and {Confirmed} {Custom} {Nonce} is {Ignored} by the {Transaction} {Constructor}},
	url = {https://github.com/MetaMask/metamask-extension/issues/20784},
	abstract = {Describe the bug When developing a dApp that's intended to cancel pending transactions, I observed an inconsistency in MetaMask's UI behavior, particularly concerning nonce reuse. I wish to highlig...},
	language = {en},
	urldate = {2024-01-29},
	journal = {Metamask GitHub Repo},
	author = {{ariutokintumi}},
	month = sep,
	year = {2023},
}