@misc{Microsoft_tee_2023,
	title = {Trusted execution environment ({TEE})},
	url = {https://learn.microsoft.com/en-us/azure/confidential-computing/trusted-execution-environment},
	abstract = {Understanding what the TEE is and what it includes},
	language = {en-us},
	urldate = {2025-01-10},
	journal = {Microsoft Learn},
	author = {{vinfnet}},
	month = oct,
	year = {2023},
}


@misc{noauthor_virtuals_nodate,
	title = {Virtuals {Protocol}},
	url = {https://www.virtuals.io/protocol},
	abstract = {Get involved in the Virtuals Protocol Ecosystem and earn \$VIRTUAL by becoming a staker, validator, or contributor. Alternatively, build with us.},
	language = {en},
	urldate = {2025-01-11},
	journal = {protocol},
}