@misc{vasile_dune_2022,
	title = {Dune {Analytics}: {What} {Is} {It}? {How} {Does} {It} {Work}?},
	shorttitle = {Dune {Analytics}},
	url = {https://beincrypto.com/learn/dune-analytics/},
	abstract = {Dune Analytics is a popular crypto analytics platform that provides info on several market metrics. Learn all about Dune and how it works here.},
	language = {en-US},
	urldate = {2024-01-03},
	journal = {BeInCrypto},
	author = {Vasile, Iulia},
	collaborator = {Glenn, Ryan},
	month = may,
	year = {2022},
}

@misc{noauthor_technical_nodate,
	title = {Technical {Metrics}: {TPS} \& {Block} {Time}},
	shorttitle = {Technical {Metrics}},
	url = {https://chainspect.app/dashboard/tps},
	abstract = {Track blockchain Transactions Per Second (TPS) \& Block Time in real-time with the Chainspect dashboard. Up-to-date metrics for Ethereum, Solana, Hedera, and more.},
	language = {en},
	urldate = {2024-01-03},
	journal = {Chainspect},
}


@misc{jistro_gas_2024,
	title = {gas fee comparsion},
	url = {https://dune.com/jistro/gas-fee-comparsion},
	urldate = {2024-01-03},
	author = {{jistro}},
	month = jan,
	year = {2024},
}

@misc{optimism_fault_nodate,
	title = {Fault {Proofs}},
	url = {https://docs.optimism.io/stack/protocol/overview#fault-proofs},
	abstract = {Learn how Optimistic Rollups work at a high level.},
	urldate = {2024-01-04},
	journal = {Optimism Docs},
	author = {{Optimism}},
}

@misc{arbitrum_fraud_2023,
	title = {Fraud proof contract addresses},
	url = {https://docs.arbitrum.io/for-devs/useful-addresses#fraud-proof-contracts},
	abstract = {Information about Arbitrum smart contract addresses of the protocol.},
	language = {en},
	urldate = {2024-01-04},
	journal = {Arbitrum Docs},
	author = {{Arbitrum}},
	month = dec,
	year = {2023},
}

@misc{arbitrum_frequently_2023,
	title = {Frequently asked questions: {Why} was "one week" chosen for {Arbitrum} {One}'s dispute window?},
	shorttitle = {Frequently asked questions},
	url = {https://docs.arbitrum.io/learn-more/faq#why-was-one-week-chosen-for-arbitrum-ones-dispute-window},
	abstract = {List of questions and answers frequently asked by users},
	language = {en},
	urldate = {2024-01-04},
	journal = {Arbitrum Docs},
	author = {{Arbitrum}},
	month = dec,
	year = {2023},
}

@misc{optimism_understanding_nodate,
	title = {Understanding the {Challenge} {Period}},
	url = {https://docs.optimism.io/builders/dapp-developers/bridging/messaging#understanding-the-challenge-period},
	abstract = {Learn how bridging works between L1 and L2, how to use it, and what to watch out for.},
	urldate = {2024-01-04},
	journal = {Optimism Docs},
	author = {{Optimism}},
}

@misc{asim_time_nodate,
	title = {Time to {Finality} ({TTF}): {The} {Ultimate} {Metric} for {Blockchain} {Speed} {\textbar} {Avalanche} {Blog}},
	shorttitle = {Time to {Finality} ({TTF})},
	url = {https://www.avax.network/blog/time-to-finality-ttf-the-ultimate-metric-for-blockchain-speed},
	abstract = {Time to finality (TTF) , a metric offering a more holistic view of blockchain speed and efficiency.},
	language = {en},
	urldate = {2024-01-04},
	author = {ASIM, USMAN},
}

@misc{bnb_chain_coming_nodate,
	title = {The {Coming} {Fast} {Finality} {On} {BSC}},
	url = {https://www.bnbchain.org/en/blog/the-coming-fastfinality-on-bsc},
	abstract = {FastFinality will bring many changes to the use of the BSC network. Users will no longer need to wait a long time for their transactions to be confirmed. Although it may not be easy to understand, we will take this opportunity to introduce it before it is finally enabled on mainnet.},
	language = {en},
	urldate = {2024-01-04},
	journal = {BNB Chain Blog},
	author = {{BNB Chain}},
}

@misc{marek_you_2020,
	title = {You had me at “{Celo}” — {Why} build on the {Celo} blockchain},
	url = {https://blog.celo.org/why-build-on-the-celo-blockchain-9ceab3d11b70},
	abstract = {With skyrocketing Ethereum gas prices, Ethereum dapp developers are looking at the growing list of new Layer 1 chains and wondering…},
	language = {en},
	urldate = {2024-01-04},
	journal = {Medium},
	author = {{Marek}},
	month = oct,
	year = {2020},
}

@misc{_v_khatibi_how_2023,
	title = {How {Consensus} {Works} on {Fantom}},
	url = {https://blog.fantom.foundation/how-consensus-works-on-fantom/},
	abstract = {Fantom's consensus mechanism, Lachesis, uses asynchronous Byzantine fault tolerance with DAGs to achieve consensus. Find out how consensus works on Fantom!},
	language = {en},
	urldate = {2024-01-04},
	journal = {Fantom Insights},
	author = { V. KHATIBI, ASH},
	month = feb,
	year = {2023},
}

@misc{murdock_deep_2022,
	title = {Deep {Dive}: {Gnosis} {Chain}},
	shorttitle = {Deep {Dive}},
	url = {https://blog.li.fi/deep-dive-gnosis-chain-bda156f98514},
	abstract = {Exploring the Gnosis Chain x LI.FI Partnership},
	language = {en},
	urldate = {2024-01-04},
	journal = {Medium},
	author = {Murdock, Mark},
	month = feb,
	year = {2022},
}

@misc{idex_polygon_nodate,
	title = {Polygon {Confirmations}},
	url = {https://docs.idex.io/user-guides/polygon-confirmations},
	abstract = {Certain actions require waiting 128 blocks for confirmation before additional actions are allowed. Here we discuss the reason for this delay as well as the instances in which it will occur.},
	language = {en},
	urldate = {2024-01-04},
	author = {{idex}},
}

@misc{protocol_support_team_dencun_2024,
	title = {Dencun {Mainnet} {Announcement}},
	url = {https://blog.ethereum.org/2024/02/27/dencun-mainnet-announcement},
	language = {en},
	urldate = {2024-04-20},
	journal = {Ethereum Foundation Blog},
	author = {{Protocol Support Team}},
	month = feb,
	year = {2024},
}

@misc{buterin_proto-danksharding_nodate,
	title = {Proto-{Danksharding} {FAQ}},
	url = {https://notes.ethereum.org/@vbuterin/proto_danksharding_faq},
	abstract = {\# Proto-Danksharding FAQ  [TOC]  \#\# What is Danksharding?  Danksharding is the new sharding design p},
	language = {en-GB},
	urldate = {2024-04-20},
	journal = {HackMD},
	author = {Buterin, Vitálik},
}

@misc{l2beat_onchain_nodate,
	title = {Onchain costs {Table}},
	url = {https://l2beat.com/scaling/costs},
	abstract = {L2BEAT is an analytics and research website about Ethereum layer 2 scaling. Here you will find in depth comparison of major protocols live on Ethereum today.},
	language = {en},
	urldate = {2024-04-20},
	author = {{L2BEAT}},
}