
@misc{axelar_axelar_nodate,
	title = {Axelar {Documentation}},
	url = {https://docs.axelar.dev/dev/general-message-passing/gmp-messages},
	abstract = {The Axelar Documentation tells you how to get started and be successful using Axelar. Axelar allows developers to build interchain dApps that connect to any blockchain.},
	language = {en},
	urldate = {2024-01-03},
	author = {{Axelar}},
}

@misc{noauthor_CCIP_nodate,
	title = {Send {Arbitrary} Data },
	url = {https://docs.chain.link/ccip/tutorials/send-arbitrary-data},
	abstract = {Chainlink is the most widely used oracle network for powering universally connected smart contracts, enabling any blockchain to access real-world data \& APIs.},
	language = {en-us},
	urldate = {2024-01-04},
	journal = {Chainlink Documentation},
}

@misc{layer_zero_Getting,
	title = {Getting Started},
	url = {https://docs.layerzero.network/contracts/getting-started},
	journal = {Getting Started},
	author = {{Layer Zero}},
	month = jan,
	year = {2024},
}


@misc{layer_zero_options,
	title = {Message Execution Options},
	url = {https://docs.layerzero.network/contracts/options},
	journal = {Message Execution Options},
	author = {{Layer Zero}},
	month = jan,
	year = {2024},
}


@misc{noauthor_interchaintransfer_ETH_MATIC,
	title = {{InterchainTransfer} {Ethereum} to {Polygon}},
	url = {https://axelarscan.io/gmp/0x8f09ee1516b4ee6c138f8adfc2f0fdb0572edfdfcbc4b12070a6a6dd698342c7:42},
	abstract = {Axelarscan lets you explore and search for metrics and activities taking place on Axelar Network, including transactions, addresses, validators, etc.},
	urldate = {2024-01-14},
	journal = {Axelarscan},
}

@misc{noauthor_interchaintransfer_MATIC_ETH,
	title = {{InterchainTransfer} {Polygon} to {Ethereum} },
	url = {https://axelarscan.io/gmp/0x879fd7a3197dd361473dba4442d6e1a86975d885c7267a0baeced15a2b42e4b0:258},
	abstract = {Axelarscan lets you explore and search for metrics and activities taking place on Axelar Network, including transactions, addresses, validators, etc.},
	urldate = {2024-01-14},
	journal = {Axelarscan},
}


@misc{noauthor_hyperlane_ETH_MATIC,
	title = {Hyperlane {Ethereum} to {Polygon}},
	url = {https://explorer.hyperlane.xyz/message/0x9727b24c169fa48db962212427e85cd86671b25deabe9d81c17e4539f1a48402},
	abstract = {The official interchain explorer for the Hyperlane protocol and network.},
	language = {en},
	urldate = {2024-01-14},
	journal = {Hyperlane Explorer},
}

@misc{noauthor_hyperlane_MATIC_ETH,
	title = {Hyperlane {Polygon} to {Ethereum}},
	url = {https://explorer.hyperlane.xyz/message/0xa402225b029b583415533f381c4dd21668f8ad0157119a0e9cd6e0916bdb318a},
	urldate = {2024-01-14},
	journal = {Hyperlane Explorer},
}

@misc{hyperlane_validators_nodate,
	title = {Validators},
	url = {https://v3.hyperlane.xyz/docs/operate/validators/run-validators},
	abstract = {Everything you need to start running a validator.},
	language = {en},
	urldate = {2024-01-05},
	journal = {Hyperlane v3 Docs},
	author = {{Hyperlane}},
}
@misc{ccip_ETH_MATIC,
	title = { {Ethereum} to {Polygon}},
	url = {https://ccip.chain.link/msg/0x204a1e1cc5ca41222cb343f8cc9e8903b717503359824fd0a5743b4f96ea0ee9},
	abstract = {Chainlink CCIP Explorer.},
	language = {en},
	urldate = {2024-01-14},
	journal = {CCIP Explorer},
}

@misc{ccip_MATIC_ETH,
	title = {Polygon {Mumbai} to {Ethereum} {Sepolia}},
	url = {https://ccip.chain.link/msg/0xb610268e55bb709cf1ee7c68cf4a25ad0a033582ce24cd10af965b9fd9ab44bd},
	abstract = {Chainlink CCIP Explorer.},
	language = {en},
	urldate = {2024-01-14},
	journal = {CCIP Explorer},
}


@misc{chainlink_ccip_nodate,
	title = {{CCIP} {Off} chain {Components}},
	url = {https://docs.chain.link/ccip/architecture#off-chain-components},
	abstract = {Chainlink is the most widely used oracle network for powering universally connected smart contracts, enabling any blockchain to access real-world data \& APIs.},
	language = {en-us},
	urldate = {2024-01-05},
	journal = {Chainlink Documentation},
	author = {{Chainlink}},
}

@misc{LZ_ETH_MATIC,
	title = {Transaction {Ethereum} to {Polygon} },
	url = {https://layerzeroscan.com/tx/0x5d375296994774a8131916cadb541ec0e770b10ae1b84bcf4f3ee1f4b24f4de2},
	abstract = {LayerZero Scan is an Omnichain Message Explorer for messages and transactions being send through LayerZero, an interoperability protocol},
	language = {english},
	urldate = {2024-01-14},
	journal = {Transaction {\textbar} LayerZero Message Explorer},
}

@misc{LZ_MATIC_ETH,
	title = {Transaction {Polygon} to  {Ethereum}},
	url = {https://layerzeroscan.com/tx/0xdfe90973de7eea233bd5ff8ef4d962a5ec21c1d2d4cb335ff39f245c18411b79},
	abstract = {LayerZero Scan is an Omnichain Message Explorer for messages and transactions being send through LayerZero, an interoperability protocol},
	language = {english},
	urldate = {2024-01-14},
	journal = {LayerZero Message Explorer},
}


@misc{obasi_layerzero_2023,
	title = {{LayerZero}: {The} {First} {Omnichain} {Interoperability} {Protocol} for {Cross}-{Chain} {Communication}},
	shorttitle = {{LayerZero}},
	url = {https://medium.com/coinmonks/layerzero-the-first-omnichain-interoperability-protocol-for-cross-chain-communication-e5d5e37b99a9},
	abstract = {Introduction},
	language = {en},
	urldate = {2024-01-13},
	journal = {Coinmonks},
	author = {Obasi, Steve},
	month = jun,
	year = {2023},
}