@misc{natewelch__answer_2018,
	title = {Answer to "{Array} or mapping, which costs more gas?"},
	shorttitle = {Answer to "{Array} or mapping, which costs more gas?},
	url = {https://ethereum.stackexchange.com/a/37594},
	urldate = {2024-01-08},
	journal = {Ethereum Stack Exchange},
	author = {{natewelch\_}},
	month = jan,
	year = {2018},
}

@misc{malanii_solidity_2023,
	title = {Solidity {Gas} {Optimization} : {Best} {Practices} \& {Expert} {Tips}},
	shorttitle = {Solidity {Gas} {Optimization}},
	url = {https://hacken.io/discover/solidity-gas-optimization/},
	abstract = {Gas is the "fuel" that powers smart contract execution. This article offers practical strategies for Solidity gas optimization.},
	language = {en},
	urldate = {2024-01-08},
	journal = {Hacken},
	author = {Malanii, Oleh, Roman Tiutiun},
	month = nov,
	year = {2023},
}


@misc{riady_how_2021,
	title = {How to {Write} {Gas} {Efficient} {Contracts} in {Solidity}},
	url = {https://yos.io/2021/05/17/gas-efficient-solidity/},
	abstract = {Computations on Ethereum cost gas. If you’re not careful, you may end up writing contracts that cost more than they should. High gas costs kill usability! A common cause for high gas costs is an inefficient storage layout in Solidity contracts. In this post, let’s look at some tips you can use to help you write more gas-efficient contracts. Read on to learn more!},
	language = {en-us},
	urldate = {2024-01-08},
	journal = {Yos Riady · Software Craftsman},
	author = {Riady, Yos},
	month = may,
	year = {2021},
}

@misc{trail_of_bits_detector_nodate,
	title = {Detector {Documentation}},
	url = {https://github.com/crytic/slither/wiki/Detector-Documentation},
	abstract = {Static Analyzer for Solidity and Vyper. Contribute to crytic/slither development by creating an account on GitHub.},
	language = {en},
	urldate = {2024-01-13},
	journal = {GitHub},
	author = {{Trail of Bits}},
}


@misc{noauthor_smart_2023,
	title = {Smart {Contract} {Security}: {The} {Ultimate} {Guide}},
	shorttitle = {Smart {Contract} {Security}},
	url = {https://www.rareskills.io/post/smart-contract-security},
	abstract = {Smart Contract Security.  A mini course on smart contract security, providing a list of issues that recur in Solidity smart contracts.},
	language = {en},
	urldate = {2024-01-13},
	journal = {RareSkills},
	month = may,
	year = {2023},
}

@misc{noauthor_recommendations_nodate,
	title = {Recommendations for {Smart} {Contract} {Security} in {Solidity} - {Ethereum} {Smart} {Contract} {Best} {Practices}},
	url = {https://ethereum-contract-security-techniques-and-tips.readthedocs.io/en/latest/recommendations/},
	urldate = {2024-01-13},
}

@misc{watchpug_h04_nodate,
	title = {[{H}-04] {EIP712MetaTransaction}.{executeMetaTransaction}() failed txs are open to replay attacks},
	url = {https://solodit.xyz/issues/h-04-eip712metatransactionexecutemetatransaction-failed-txs-are-open-to-replay-attacks-code4rena-rolla-rolla-contest-git},
	abstract = {Solodit is a platform that aggregates all findings from popular audit platforms.},
	language = {en},
	urldate = {2024-01-13},
	journal = {Solodit},
	author = {{WatchPug}},
}

@misc{berndartmueller_m01_nodate,
	title = {[{M}-01] `call()` should be used instead of `transfer()` on an `address payable`},
	url = {https://solodit.xyz/issues/m-01-call-should-be-used-instead-of-transfer-on-an-address-payable-code4rena-backd-backd-contest-git},
	abstract = {Solodit is a platform that aggregates all findings from popular audit platforms.},
	language = {en},
	urldate = {2024-01-13},
	journal = {Solodit},
	author = {{berndartmueller} and {Dravee} and {antonttc} and {cccz} and {WatchPug}},
}

@misc{chin_use_nodate,
	title = {Use of delegatecall in a payable function inside a loop},
	url = {https://solodit.xyz/issues/use-of-delegatecall-in-a-payable-function-inside-a-loop-trailofbits-yield-v2-pdf},
	abstract = {Solodit is a platform that aggregates all findings from popular audit platforms.},
	language = {en},
	urldate = {2024-01-13},
	journal = {Solodit},
	author = {Chin, Natalie and Krüger, Maximilian},
}

@misc{boudjemaa_elevate_2023,
	title = {Elevate {Your} {Smart} {Contracts} with {Linked} {Lists}},
	url = {https://blog.solichain.com/elevate-your-smart-contracts-with-linked-lists-8ff8ab2c197a},
	abstract = {Elevate your Solidity skills with Linked Lists in Smart Contracts for enhanced gas efficiency and dynamic data management in Web3},
	language = {en},
	urldate = {2024-01-09},
	journal = {Medium},
	author = {Boudjemaa, Adam},
	month = nov,
	year = {2023},
}